@book{younes2010shapes,
  title={Shapes and diffeomorphisms},
  author={Younes, Laurent},
  volume={171},
  year={2010},
  publisher={Springer}
}

@article{tonelli1915methode,
  title={Sur une m{\'e}thode directe du calcul des variations},
  author={Tonelli, Leonida},
  journal={Rendiconti del Circolo Matematico di Palermo (1884-1940)},
  volume={39},
  number={1},
  pages={233--264},
  year={1915},
  publisher={Springer}
}

@incollection{schmah2015diffeomorphic,
  title={Diffeomorphic image matching with left-invariant metrics},
  author={Schmah, Tanya and Risser, Laurent and Vialard, Fran{\c{c}}ois-Xavier},
  booktitle={Geometry, Mechanics, and Dynamics},
  pages={373--392},
  year={2015},
  publisher={Springer}
}

@book{grinfeld2014mathematical,
  title={Mathematical tools for physicists},
  author={Grinfeld, Michael},
  year={2014},
  edition={2},
  ibsn={978-3-527-41188-7},
  publisher={John Wiley \& Sons}
}